@article{WZinclusive13TeV,
      title          = "{Measurement of the {WZ} production cross section in pp collisions at {$\sqrt{s} = 13 \,\mathrm{TeV}$}}",
      collaboration  = "CMS",
      journal        = "Phys. Lett. B",
      volume         = "766",
      year           = "2017",
      pages          = "268",
      doi            = "10.1016/j.physletb.2017.01.011",
      eprint         = "1607.06943",
      archivePrefix  = "arXiv",
      primaryClass   = "hep-ex",
      reportNumber   = "CMS-SMP-16-002, CERN-EP-2016-169",
      SLACcitation   = "%%CITATION = ARXIV:1607.06943;%%"
}
